<?xml version='1.0' encoding='utf-8'?>
<record xmlns="http://www.loc.gov/MARC21/slim" xmlns:xsi="http://www.w3.org/2001/XMLSchema-instance">
  <leader>00000npcaa22^^^^^^a^4500</leader>
  <controlfield tag="001">012215746</controlfield>
  <controlfield tag="005">20130222160454.0</controlfield>
  <controlfield tag="008">130218i18471940miu^^^^^^^^^^^^^^^^^eng^d</controlfield>
  <datafield tag="035" ind1=" " ind2=" ">
    <subfield code="a">(OCoLC)828894852</subfield>
  </datafield>
  <datafield tag="040" ind1=" " ind2=" ">
    <subfield code="a">MiU-H</subfield>
    <subfield code="c">MiU-H</subfield>
    <subfield code="e">dacs</subfield>
  </datafield>
  <datafield tag="100" ind1="3" ind2=" ">
    <subfield code="a">Curtis family (Lorenzo B. Curtis).</subfield>
  </datafield>
  <datafield tag="245" ind1="1" ind2="0">
    <subfield code="a">Curtis-Greathouse family papers,</subfield>
    <subfield code="f">1846-1940.</subfield>
  </datafield>
  <datafield tag="300" ind1=" " ind2=" ">
    <subfield code="a">1 linear foot</subfield>
  </datafield>
  <datafield tag="545" ind1="0" ind2=" ">
    <subfield code="a">First generation: Lorenzo B. Curtis (born 1821), lumberman of Saginaw, Mich., married Melissa Pattee (1822-1913), in 1851. Lorenzo B. Curtis was with the firm Curtis &amp; King until 1864, then with Curtis &amp; Corning until 1870, and after that L. B. Curtis &amp; Co. Melissa Pattee attended Albion College (1847-1848), taught school in Tuscola and Genesee Counties, Mich., attended Oberlin College in 1850. They were divorced in 1876. After this Lorenzo Curtis lived in Chicago and later Texas, Melissa Curtis lived in Ann Arbor and later with her daughter in Virginia. Hamilton Pattee (1820-1851), brother of Melissa Pattee, lived in Jackson, Mich. He was killed in a railroad accident.</subfield>
  </datafield>
  <datafield tag="545" ind1="0" ind2=" ">
    <subfield code="a">Second generation: Lorenzo and Melissa Curtis had three children: Hamilton Curtis (1854-1855); Mary Melissa Curtis (1857-1940); Frank Benjamin Curtis (born 1859), who was known as Ben. Mary Curtis graduated from the University of Michigan in 1882, and earned her A.M. in 1883. She was professor of mathematics and astronomy at Monticello Seminary, Godfrey, Ill., from 1883 to 1886. She married Charles H. Greathouse in 1886. He had graduated from the University of Michigan in 1880, and worked as an editor with the Louisville Courier-Journal and later with the U.S. Dept. of Agriculture. Ben Curtis lived at various times in San Francisco and Redwood City, Calif., Norfolk, Va., and other places. He married Laura (or Stella) in 1888.</subfield>
  </datafield>
  <datafield tag="545" ind1="0" ind2=" ">
    <subfield code="a">Third generation: Two sons of Mary and Charles Greathouse, Lucien H. Greathouse (born 1891) and Raymond R. Greathouse (born 1894), attended the University of Michigan, Lucien graduated in 1911, with a bachelor's in chemical engineering in 1912 and the Ph.D. in 1917. Raymond attended 1911-1914.</subfield>
  </datafield>
  <datafield tag="520" ind1="2" ind2=" ">
    <subfield code="a">Correspondence, 1847-1855, between Lorenzo B. Curtis and Melissa Pattee. Correspondence, 1847-1851, between Melissa Pattee and her brother Hamilton Pattee. Also included are two letters from Hamilton Pattee's fiance, Bessie Henderson, to Melissa Pattee, concerning Hamilton Pattee's death. Correspondence, 1848-1886, between Melissa Pattee and various family members and friends, including a few letters between Lorenzo B. Curtis and Hamilton Pattee. The correspondence chiefly concerns Albion and Oberlin Colleges, teaching, the lumbering industry, and family matters. Correspondence, 1887-1920, between Ben Curtis and family members including his mother and his sister Mary Curtis Greathouse, mainly concerning family matters. Correspondence, 1880-1940, of Charles and Mary Greathouse with each other, with her mother Mary Curtis, and with other family members. The correspondence relates to teaching at Monticello, life in Ann Arbor, newspaper work, and family matters, along with letters from Lucien and Raymond Greathouse concerning student life at the University of Michigan. Other documents in the collection include items relating to Melissa and Lorenzo Curtis's divorce, ephemera relating to the University of Michigan, genealogical information, and photographs.</subfield>
  </datafield>
  <datafield tag="506" ind1=" " ind2=" ">
    <subfield code="a">The collection is open for research use.</subfield>
  </datafield>
  <datafield tag="500" ind1=" " ind2=" ">
    <subfield code="a">Donor: 10760</subfield>
  </datafield>
  <datafield tag="500" ind1=" " ind2=" ">
    <subfield code="a">Visual materials described separately.</subfield>
  </datafield>
  <datafield tag="584" ind1=" " ind2=" ">
    <subfield code="a">Further accruals are not expected.</subfield>
  </datafield>
  <datafield tag="610" ind1="2" ind2="0">
    <subfield code="a">Albion College</subfield>
    <subfield code="x">Students.</subfield>
  </datafield>
  <datafield tag="651" ind1=" " ind2="0">
    <subfield code="a">Ann Arbor (Mich.)</subfield>
  </datafield>
  <datafield tag="600" ind1="1" ind2="0">
    <subfield code="a">Curtis, F. Ben,</subfield>
    <subfield code="d">b. 1859.</subfield>
  </datafield>
  <datafield tag="600" ind1="1" ind2="0">
    <subfield code="a">Curtis, Lorenzo B.,</subfield>
    <subfield code="d">b. 1821.</subfield>
  </datafield>
  <datafield tag="600" ind1="1" ind2="0">
    <subfield code="a">Curtis, Melissa Pattee,</subfield>
    <subfield code="d">1822-1913.</subfield>
  </datafield>
  <datafield tag="600" ind1="3" ind2="0">
    <subfield code="a">Curtis family.</subfield>
  </datafield>
  <datafield tag="650" ind1=" " ind2="0">
    <subfield code="a">Divorce</subfield>
    <subfield code="z">Michigan.</subfield>
  </datafield>
  <datafield tag="600" ind1="1" ind2="0">
    <subfield code="a">Greathouse, Charles H.</subfield>
    <subfield code="q">(Charles Howard),</subfield>
    <subfield code="d">1857-1948.</subfield>
  </datafield>
  <datafield tag="600" ind1="1" ind2="0">
    <subfield code="a">Greathouse, Lucien H.,</subfield>
    <subfield code="d">b. 1891.</subfield>
  </datafield>
  <datafield tag="600" ind1="1" ind2="0">
    <subfield code="a">Greathouse, Mary Curtis,</subfield>
    <subfield code="d">1857-1940.</subfield>
  </datafield>
  <datafield tag="600" ind1="1" ind2="0">
    <subfield code="a">Greathouse, Raymond R.,</subfield>
    <subfield code="d">b. 1894.</subfield>
  </datafield>
  <datafield tag="600" ind1="3" ind2="0">
    <subfield code="a">Greathouse family.</subfield>
  </datafield>
  <datafield tag="650" ind1=" " ind2="0">
    <subfield code="a">Lumbering</subfield>
    <subfield code="z">Michigan</subfield>
    <subfield code="z">Saginaw.</subfield>
  </datafield>
  <datafield tag="610" ind1="2" ind2="0">
    <subfield code="a">Monticello Female Seminary.</subfield>
  </datafield>
  <datafield tag="650" ind1=" " ind2="0">
    <subfield code="a">Newspapers</subfield>
    <subfield code="z">Kentucky.</subfield>
  </datafield>
  <datafield tag="610" ind1="2" ind2="0">
    <subfield code="a">Oberlin College</subfield>
    <subfield code="x">Students.</subfield>
  </datafield>
  <datafield tag="600" ind1="1" ind2="0">
    <subfield code="a">Pattee, Hamilton,</subfield>
    <subfield code="d">1820-1851.</subfield>
  </datafield>
  <datafield tag="600" ind1="3" ind2="0">
    <subfield code="a">Pattee family.</subfield>
  </datafield>
  <datafield tag="655" ind1=" " ind2="7">
    <subfield code="a">Photographs.</subfield>
    <subfield code="2">aat</subfield>
  </datafield>
  <datafield tag="650" ind1=" " ind2="0">
    <subfield code="a">Railroad accidents</subfield>
    <subfield code="z">Michigan.</subfield>
  </datafield>
  <datafield tag="651" ind1=" " ind2="0">
    <subfield code="a">Saginaw (Mich.)</subfield>
  </datafield>
  <datafield tag="650" ind1=" " ind2="0">
    <subfield code="a">Teachers</subfield>
    <subfield code="z">Illinois.</subfield>
  </datafield>
  <datafield tag="650" ind1=" " ind2="0">
    <subfield code="a">Teachers</subfield>
    <subfield code="z">Michigan.</subfield>
  </datafield>
  <datafield tag="610" ind1="2" ind2="0">
    <subfield code="a">University of Michigan</subfield>
    <subfield code="x">Students</subfield>
    <subfield code="y">1911-1920.</subfield>
  </datafield>
  <datafield tag="700" ind1="1" ind2=" ">
    <subfield code="a">Curtis, F. Ben,</subfield>
    <subfield code="d">b. 1859.</subfield>
  </datafield>
  <datafield tag="700" ind1="1" ind2=" ">
    <subfield code="a">Curtis, Lorenzo B.,</subfield>
    <subfield code="d">b. 1821.</subfield>
  </datafield>
  <datafield tag="700" ind1="1" ind2=" ">
    <subfield code="a">Curtis, Melissa Pattee,</subfield>
    <subfield code="d">1822-1913.</subfield>
  </datafield>
  <datafield tag="700" ind1="1" ind2=" ">
    <subfield code="a">Greathouse, Charles H.</subfield>
    <subfield code="q">(Charles Howard),</subfield>
    <subfield code="d">1857-1948.</subfield>
  </datafield>
  <datafield tag="700" ind1="1" ind2=" ">
    <subfield code="a">Greathouse, Lucien H.,</subfield>
    <subfield code="d">b. 1891.</subfield>
  </datafield>
  <datafield tag="700" ind1="1" ind2=" ">
    <subfield code="a">Greathouse, Mary Curtis,</subfield>
    <subfield code="d">1857-1940.</subfield>
  </datafield>
  <datafield tag="700" ind1="1" ind2=" ">
    <subfield code="a">Greathouse, Raymond R.,</subfield>
    <subfield code="d">b. 1894.</subfield>
  </datafield>
  <datafield tag="700" ind1="1" ind2=" ">
    <subfield code="a">Pattee, Hamilton,</subfield>
    <subfield code="d">1820-1851.</subfield>
  </datafield>
  <datafield tag="852" ind1="8" ind2=" ">
    <subfield code="a">MiU-H</subfield>
    <subfield code="b">BENT</subfield>
    <subfield code="h">2013018 Aa 2</subfield>
  </datafield>
  <datafield tag="997" ind1=" " ind2=" ">
    <subfield code="a">MARS</subfield>
  </datafield>
  <datafield tag="998" ind1=" " ind2=" ">
    <subfield code="c">LAC</subfield>
  </datafield>
  <datafield tag="955" ind1=" " ind2=" ">
    <subfield code="b">BENT</subfield>
    <subfield code="p">B5956133</subfield>
  </datafield>
</record>
